@article{WhyFPMatters,
author = {Hughes, J.},
title = {Why Functional Programming Matters},
journal = {The Computer Journal},
volume = {32},
number = {2},
pages = {98-107},
year = {1989},
doi = {10.1093/comjnl/32.2.98},
URL = { + http://dx.doi.org/10.1093/comjnl/32.2.98}
}

@article{Okasaki95simpleand,
author = {Chris Okasaki},
title = {Simple and efficient purely functional queues and deques},
journal = {JOURNAL OF FUNCTIONAL PROGRAMMING},
year = {1995},
volume = {5},
number = {4},
pages = {583--592}
}

@Book{Okasaki,
 author    = {Okasaki, Chris},
 title     = {Purely Functional Data Structures},
 year      = {1998},
 isbn      = {0-521-63124-6},
 publisher = {Cambridge University Press},
 address   = {New York, NY, USA}
}

@article{SPJSTG,
author = {Peyton Jones, Simon},
year = {1992},
month = {04},
pages = {127-202},
title = {Implementing Lazy Functional Languages on Stock Hardware: The Spineless Tagless G-Machine.},
volume = {2},
booktitle = {J. Funct. Program.}
}

@article{Claessen:2000:QLT:357766.351266,
 author = {Claessen, Koen and Hughes, John},
 title = {QuickCheck: A Lightweight Tool for Random Testing of Haskell Programs},
 journal = {SIGPLAN Not.},
 issue_date = {Sept. 2000},
 volume = {35},
 number = {9},
 month = sep,
 year = {2000},
 issn = {0362-1340},
 pages = {268--279},
 numpages = {12},
 url = {http://doi.acm.org/10.1145/357766.351266},
 doi = {10.1145/357766.351266},
 acmid = {351266},
 publisher = {ACM},
 address = {New York, NY, USA},
}

@misc{Swift,
author={Apple},
title = {The Swift Programming Language (Swift 4.1)},
howpublished = {\url{https://developer.apple.com/library/content/documentation/Swift/Conceptual/Swift_Programming_Language/Properties.html}},
year = "2018",
note = "[Online; accessed 9-March-2018]"
}

@inproceedings{Zaharia:2012:RDD:2228298.2228301,
 author = {Zaharia, Matei and Chowdhury, Mosharaf and Das, Tathagata and Dave, Ankur and Ma, Justin and McCauley, Murphy and Franklin, Michael J. and Shenker, Scott and Stoica, Ion},
 title = {Resilient Distributed Datasets: A Fault-tolerant Abstraction for In-memory Cluster Computing},
 booktitle = {Proceedings of the 9th USENIX Conference on Networked Systems Design and Implementation},
 series = {NSDI'12},
 year = {2012},
 location = {San Jose, CA},
 pages = {2--2},
 numpages = {1},
 url = {http://dl.acm.org/citation.cfm?id=2228298.2228301},
 acmid = {2228301},
 publisher = {USENIX Association},
 address = {Berkeley, CA, USA},
}

@article{Reynolds:1993:DC:198112.198114,
 author = {Reynolds, John C.},
 title = {The Discoveries of Continuations},
 journal = {Lisp Symb. Comput.},
 issue_date = {Nov. 1993},
 volume = {6},
 number = {3-4},
 month = nov,
 year = {1993},
 issn = {0892-4635},
 pages = {233--248},
 numpages = {16},
 url = {http://dx.doi.org/10.1007/BF01019459},
 doi = {10.1007/BF01019459},
 acmid = {198114},
 publisher = {Kluwer Academic Publishers},
 address = {Hingham, MA, USA},
 keywords = {continuation, continuation-passing style, semantics},
}